<?xml version="1.0" encoding="utf-8"?>
<record xmlns="http://www.loc.gov/MARC21/slim" xmlns:xsi="http://www.w3.org/2001/XMLSchema-instance" xsi:schemaLocation="http://www.loc.gov/MARC21/slim http://www.loc.gov/standards/marcxml/schema/MARC21slim.xsd">
	<leader>     nam a22     Mi 4500</leader>
	<controlfield tag="001">b12396369</controlfield>
	<controlfield tag="003">LeBAU</controlfield>
	<controlfield tag="006">m        d        </controlfield>
	<controlfield tag="007">cr cn |||m|||a</controlfield>
	<controlfield tag="008">190821s1946    sy      o     ||0 0 ara d</controlfield>
	<datafield ind1=" " ind2=" " tag="040">
		<subfield code="a">ZYU</subfield>
		<subfield code="b">ara</subfield>
		<subfield code="e">rda</subfield>
		<subfield code="c">ZYU</subfield>
	</datafield>
	<datafield ind1="0" ind2="4" tag="082">
		<subfield code="a">315.69</subfield>
		<subfield code="2">20</subfield>
	</datafield>
	<datafield ind1="1" ind2=" " tag="110">
		<subfield code="6">880-01</subfield>
		<subfield code="a">Syria.</subfield>
		<subfield code="b">Mudīrīyat al-Iḥṣāʼ,</subfield>
		<subfield code="e">issuing body.</subfield>
	</datafield>
	<datafield ind1="1" ind2="0" tag="245">
		<subfield code="6">880-02</subfield>
		<subfield code="a">Majmūʻat iḥṣāʼāt ʻan al-nufūs wa-al-masāḥāt al-zirāʻīyah wa-maḥāṣīl al-nabātāt al-mukhtalifah, wa-al-mawāshī wa-al-ḥayawānāt wa-al-dawājin wa-muntajātihā iʻtibāran min ʻām 1937 li-ghāyat ʻām 1945 /</subfield>
		<subfield code="c">al-Jumhūrīyah al-Sūrīyah, Wizārat al-Iqtiṣād al-Waṭanī, Dāʼirat al-Iḥṣāʼ.</subfield>
	</datafield>
	<datafield ind1=" " ind2="1" tag="264">
		<subfield code="6">880-03</subfield>
		<subfield code="a">Dimashq :</subfield>
		<subfield code="b">al-Jumhūrīyah al-Sūrīyah, Wizārat al-Iqtiṣād al-Waṭanī, Dāʼirat al-Iḥṣāʼ,</subfield>
		<subfield code="c">1946.</subfield>
	</datafield>
	<datafield ind1=" " ind2=" " tag="300">
		<subfield code="6">880-04</subfield>
		<subfield code="a">online resource (69 pages)</subfield>
	</datafield>
	<datafield ind1=" " ind2=" " tag="336">
		<subfield code="a">text</subfield>
		<subfield code="2">rdacontent</subfield>
	</datafield>
	<datafield ind1=" " ind2=" " tag="337">
		<subfield code="a">computer</subfield>
		<subfield code="2">rdamedia</subfield>
	</datafield>
	<datafield ind1=" " ind2=" " tag="338">
		<subfield code="a">online resource</subfield>
		<subfield code="2">rdacarrier</subfield>
	</datafield>
	<datafield ind1=" " ind2=" " tag="500">
		<subfield code="a">جداول.</subfield>
	</datafield>
	<datafield ind1=" " ind2=" " tag="500">
		<subfield code="a">Part of the Arabic Collections Online (ACO) project, contributed by American University of Beirut's Jafet Memorial Library.</subfield>
	</datafield>
	<datafield ind1=" " ind2=" " tag="533">
		<subfield code="a">Electronic reproduction.</subfield>
		<subfield code="b">New York, N.Y. :</subfield>
		<subfield code="c">New York University,</subfield>
		<subfield code="d">2019.</subfield>
		<subfield code="5">NNU</subfield>
	</datafield>
	<datafield ind1=" " ind2="4" tag="650">
		<subfield code="a">السكان</subfield>
		<subfield code="z">سوريا</subfield>
		<subfield code="v">احصاءات.</subfield>
	</datafield>
	<datafield ind1=" " ind2="4" tag="650">
		<subfield code="a">الزراعة</subfield>
		<subfield code="z">سوريا</subfield>
		<subfield code="v">احصاءات.</subfield>
	</datafield>
	<datafield ind1=" " ind2="4" tag="650">
		<subfield code="a">المواشي</subfield>
		<subfield code="z">سوريا</subfield>
		<subfield code="v">احصاءات.</subfield>
	</datafield>
	<datafield ind1=" " ind2="4" tag="650">
		<subfield code="a">الدواجن</subfield>
		<subfield code="z">سوريا</subfield>
		<subfield code="v">احصاءات.</subfield>
	</datafield>
	<datafield ind1=" " ind2="4" tag="650">
		<subfield code="a">المحاصيل الحقلية</subfield>
		<subfield code="z">سوريا</subfield>
		<subfield code="v">احصاءات.</subfield>
	</datafield>
	<datafield ind1=" " ind2="0" tag="650">
		<subfield code="a">Population</subfield>
		<subfield code="z">Syria</subfield>
		<subfield code="v">Statistics.</subfield>
	</datafield>
	<datafield ind1=" " ind2="0" tag="650">
		<subfield code="a">Agriculture</subfield>
		<subfield code="z">Syria</subfield>
		<subfield code="v">Statistics.</subfield>
	</datafield>
	<datafield ind1=" " ind2="0" tag="650">
		<subfield code="a">Cattle</subfield>
		<subfield code="z">Syria</subfield>
		<subfield code="v">Statistics.</subfield>
	</datafield>
	<datafield ind1=" " ind2="0" tag="650">
		<subfield code="a">Poultry</subfield>
		<subfield code="z">Syria</subfield>
		<subfield code="v">Statistics.</subfield>
	</datafield>
	<datafield ind1=" " ind2="0" tag="650">
		<subfield code="a">Crops</subfield>
		<subfield code="z">Syria</subfield>
		<subfield code="v">Statistics.</subfield>
	</datafield>
	<datafield ind1="2" ind2=" " tag="710">
		<subfield code="a">Jafet Memorial Library.</subfield>
	</datafield>
	<datafield ind1="0" ind2=" " tag="730">
		<subfield code="a">Arabic Collections Online.</subfield>
	</datafield>
	<datafield ind1="0" ind2="8" tag="776">
		<subfield code="i">Print version:</subfield>
		<subfield code="a">Syria. Mudīrīyat al-Iḥṣāʼ, issuing body.</subfield>
		<subfield code="t">Majmūʻat iḥṣāʼāt ʻan al-nufūs wa-al-masāḥāt al-zirāʻīyah wa-maḥāṣīl al-nabātāt al-mukhtalifah, wa-al-mawāshī wa-al-ḥayawānāt wa-al-dawājin wa-muntajātihā iʻtibāran min ʻām 1937 li-ghāyat ʻām 1945</subfield>
		<subfield code="w">(LeBAU)b12396369</subfield>
	</datafield>
	<datafield ind1="4" ind2="0" tag="856">
		<subfield code="u">http://hdl.handle.net/2333.1/fqz61b7j</subfield>
	</datafield>
	<datafield ind1="1" ind2=" " tag="880">
		<subfield code="6">110-01</subfield>
		<subfield code="a">سوريا.</subfield>
		<subfield code="b">مديرية الإحصاء،</subfield>
		<subfield code="e">هيئة إصدار. </subfield>
		<subfield code="4">isb.</subfield>
	</datafield>
	<datafield ind1="1" ind2="0" tag="880">
		<subfield code="6">245-02</subfield>
		<subfield code="a">مجموعة احصاءآت عن النفوس والمساحات الزراعية ومحاصيل النباتات المختلفة، والمواشي والحيوانات والدواجن ومنتجاتها إعتباراً من عام 1937 لغاية عام 1945 /</subfield>
		<subfield code="c">الجمهورية السورية، وزارة الإقتصاد الوطني، دائرة الإحصاء.</subfield>
	</datafield>
	<datafield ind1=" " ind2="1" tag="880">
		<subfield code="6">264-03</subfield>
		<subfield code="a">دمشق :</subfield>
		<subfield code="b">الجمهورية السورية، وزارة الإقتصاد الوطني، دائرة الإحصاء،</subfield>
		<subfield code="c">1946.</subfield>
	</datafield>
	<datafield ind1=" " ind2=" " tag="880">
		<subfield code="6">300-04</subfield>
		<subfield code="a">69 صفحة ؛</subfield>
		<subfield code="c">24 سم</subfield>
	</datafield>
	<datafield ind1=" " ind2=" " tag="959">
		<subfield code="a">NNU</subfield>
		<subfield code="b">WEB</subfield>
		<subfield code="c">GENI</subfield>
		<subfield code="t">0</subfield>
		<subfield code="m">Electronic access</subfield>
		<subfield code="s">01</subfield>
	</datafield>
	<datafield ind1=" " ind2=" " tag="999">
		<subfield code="i">LeBAU_b12396369</subfield>
		<subfield code="s">aub_aco002998</subfield>
		<subfield code="e">(ERROR-MISC)</subfield>
	</datafield>
</record>
